@ARTICLE{2015MNRAS.453..721V,
       author = {{Velliscig}, Marco and {Cacciato}, Marcello and {Schaye}, Joop and
         {Crain}, Robert A. and {Bower}, Richard G. and {van Daalen}, Marcel P. and
         {Dalla Vecchia}, Claudio and {Frenk}, Carlos S. and
         {Furlong}, Michelle and {McCarthy}, I.~G. and {Schaller}, Matthieu and
         {Theuns}, Tom},
        title = "{The alignment and shape of dark matter, stellar, and hot gas distributions in the EAGLE and cosmo-OWLS simulations}",
      journal = {Monthly Notices of the Royal Astronomical Society},
     keywords = {galaxies: formation, galaxies: haloes, cosmology: theory, large-scale structure of Universe, Astrophysics - Astrophysics of Galaxies, Astrophysics - Cosmology and Nongalactic Astrophysics},
         year = "2015",
        month = "Oct",
       volume = {453},
       number = {1},
        pages = {721-738},
          doi = {10.1093/mnras/stv1690},
archivePrefix = {arXiv},
       eprint = {1504.04025},
 primaryClass = {astro-ph.GA},
       adsurl = {https://ui.adsabs.harvard.edu/abs/2015MNRAS.453..721V},
      adsnote = {Provided by the SAO/NASA Astrophysics Data System}
}


@INPROCEEDINGS{Springel2004,
       author = {{Springel}, V. and {White}, S.~D.~M. and {Hernquist}, L.},
        title = "{The shapes of simulated dark matter halos}",
    booktitle = {Dark Matter in Galaxies},
         year = "2004",
       editor = {{Ryder}, S. and {Pisano}, D. and {Walker}, M. and {Freeman}, K.},
       series = {IAU Symposium},
       volume = {220},
        month = "Jul",
        pages = {421},
       adsurl = {https://ui.adsabs.harvard.edu/abs/2004IAUS..220..421S},
      adsnote = {Provided by the SAO/NASA Astrophysics Data System}
}

@ARTICLE{2013MNRAS.432..176P,
   author = {{Pakmor}, R. and {Springel}, V.},
    title = "{Simulations of magnetic fields in isolated disc galaxies}",
  journal = {\mnras},
archivePrefix = "arXiv",
   eprint = {1212.1452},
 primaryClass = "astro-ph.CO",
 keywords = {MHD, methods: numerical, galaxies: formation},
     year = 2013,
    month = jun,
   volume = 432,
    pages = {176-193},
      doi = {10.1093/mnras/stt428},
   adsurl = {https://ui.adsabs.harvard.edu/abs/2013MNRAS.432..176P},
  adsnote = {Provided by the SAO/NASA Astrophysics Data System}
}

@ARTICLE{2014A&A...571A..16P,
   author = {{Planck Collaboration} and {Ade}, P.~A.~R. and {Aghanim}, N. and 
	{Armitage-Caplan}, C. and {Arnaud}, M. and {Ashdown}, M. and 
	{Atrio-Barandela}, F. and {Aumont}, J. and {Baccigalupi}, C. and 
	{Banday}, A.~J. and et al.},
    title = "{Planck 2013 results. XVI. Cosmological parameters}",
  journal = {\aap},
archivePrefix = "arXiv",
   eprint = {1303.5076},
 keywords = {cosmic background radiation, cosmological parameters, early Universe, inflation, primordial nucleosynthesis},
     year = 2014,
    month = nov,
   volume = 571,
      eid = {A16},
    pages = {A16},
      doi = {10.1051/0004-6361/201321591},
   adsurl = {https://ui.adsabs.harvard.edu/abs/2014A%26A...571A..16P},
  adsnote = {Provided by the SAO/NASA Astrophysics Data System}
}

@ARTICLE{DeBuhr12,
       author = {{DeBuhr}, Jackson and {Ma}, Chung-Pei and {White}, Simon D.~M.},
        title = "{Stellar discs in Aquarius dark matter haloes}",
      journal = {\mnras},
     keywords = {galaxies: evolution, galaxies: formation, galaxies: kinematics and dynamics, galaxies: structure, cosmology: theory, dark matter, Astrophysics - Cosmology and Nongalactic Astrophysics},
         year = "2012",
        month = "Oct",
       volume = {426},
       number = {2},
        pages = {983-999},
          doi = {10.1111/j.1365-2966.2012.21910.x},
archivePrefix = {arXiv},
       eprint = {1205.6472},
 primaryClass = {astro-ph.CO},
       adsurl = {https://ui.adsabs.harvard.edu/abs/2012MNRAS.426..983D},
      adsnote = {Provided by the SAO/NASA Astrophysics Data System}
}

@ARTICLE{Gomez17,
       author = {{G{\'o}mez}, Facundo A. and {White}, Simon D.~M. and {Grand
        }, Robert J.~J. and {Marinacci}, Federico and {Springel}, Volker and
         {Pakmor}, R{\"u}diger},
        title = "{Warps and waves in the stellar discs of the Auriga cosmological simulations}",
      journal = {\mnras},
     keywords = {Galaxy: disc, Galaxy: evolution, galaxies: evolution, galaxies: interactions, galaxies: kinematics and dynamics, Astrophysics - Astrophysics of Galaxies},
         year = "2017",
        month = "Mar",
       volume = {465},
       number = {3},
        pages = {3446-3460},
          doi = {10.1093/mnras/stw2957},
archivePrefix = {arXiv},
       eprint = {1606.06295},
 primaryClass = {astro-ph.GA},
       adsurl = {https://ui.adsabs.harvard.edu/abs/2017MNRAS.465.3446G},
      adsnote = {Provided by the SAO/NASA Astrophysics Data System}
}


@ARTICLE{Bailin05,
   author = {{Bailin}, J. and {Kawata}, D. and {Gibson}, B.~K. and {Steinmetz}, M. and 
	{Navarro}, J.~F. and {Brook}, C.~B. and {Gill}, S.~P.~D. and 
	{Ibata}, R.~A. and {Knebe}, A. and {Lewis}, G.~F. and {Okamoto}, T.
	},
    title = "{Internal Alignment of the Halos of Disk Galaxies in Cosmological Hydrodynamic Simulations}",
  journal = {\apjl},
   eprint = {astro-ph/0505523},
 keywords = {Cosmology: Dark Matter, Galaxies: Evolution, Galaxies: Formation, Galaxies: Halos, Galaxies: Spiral},
     year = 2005,
    month = jul,
   volume = 627,
    pages = {L17-L20},
      doi = {10.1086/432157},
   adsurl = {https://ui.adsabs.harvard.edu/abs/2005ApJ...627L..17B},
  adsnote = {Provided by the SAO/NASA Astrophysics Data System}
}

@ARTICLE{2017MNRAS.469..594B,
   author = {{Borzyszkowski}, M. and {Porciani}, C. and {Romano-D{\'{\i}}az}, E. and 
	{Garaldi}, E.},
    title = "{ZOMG - I. How the cosmic web inhibits halo growth and generates assembly bias}",
  journal = {\mnras},
archivePrefix = "arXiv",
   eprint = {1610.04231},
 keywords = {galaxies: haloes, dark matter, large-scale structure of Universe, cosmology: theory},
     year = 2017,
    month = jul,
   volume = 469,
    pages = {594-611},
      doi = {10.1093/mnras/stx873},
   adsurl = {https://ui.adsabs.harvard.edu/abs/2017MNRAS.469..594B},
  adsnote = {Provided by the SAO/NASA Astrophysics Data System}
}

@ARTICLE{2019MNRAS.487.1607G,
   author = {{Ganeshaiah Veena}, P. and {Cautun}, M. and {Tempel}, E. and 
	{van de Weygaert}, R. and {Frenk}, C.~S.},
    title = "{The Cosmic Ballet II: spin alignment of galaxies and haloes with large-scale filaments in the EAGLE simulation}",
  journal = {\mnras},
archivePrefix = "arXiv",
   eprint = {1903.06716},
 keywords = {methods: numerical, galaxies: haloes, large-scale structure of Universe},
     year = 2019,
    month = aug,
   volume = 487,
    pages = {1607-1625},
      doi = {10.1093/mnras/stz1343},
   adsurl = {https://ui.adsabs.harvard.edu/abs/2019MNRAS.487.1607G},
  adsnote = {Provided by the SAO/NASA Astrophysics Data System}
}


@ARTICLE{2014MNRAS.443.1090F,
   author = {{Forero-Romero}, J.~E. and {Contreras}, S. and {Padilla}, N.
	},
    title = "{Cosmic web alignments with the shape, angular momentum and peculiar velocities of dark matter haloes}",
  journal = {\mnras},
archivePrefix = "arXiv",
   eprint = {1406.0508},
 keywords = {methods: numerical, galaxies: haloes, cosmology: theory, dark matter, large-scale structure of Universe},
     year = 2014,
    month = sep,
   volume = 443,
    pages = {1090-1102},
      doi = {10.1093/mnras/stu1150},
   adsurl = {https://ui.adsabs.harvard.edu/abs/2014MNRAS.443.1090F},
  adsnote = {Provided by the SAO/NASA Astrophysics Data System}
}

@ARTICLE{1999MNRAS.307..877T,
   author = {{Tremaine}, S.},
    title = "{The geometry of phase mixing}",
  journal = {\mnras},
   eprint = {astro-ph/9812146},
     year = 1999,
    month = aug,
   volume = 307,
    pages = {877-883},
      doi = {10.1046/j.1365-8711.1999.02690.x},
   adsurl = {https://ui.adsabs.harvard.edu/abs/1999MNRAS.307..877T},
  adsnote = {Provided by the SAO/NASA Astrophysics Data System}
}

@ARTICLE{1999MNRAS.307..495H,
   author = {{Helmi}, A. and {White}, S.~D.~M.},
    title = "{Building up the stellar halo of the Galaxy}",
  journal = {\mnras},
   eprint = {astro-ph/9901102},
     year = 1999,
    month = aug,
   volume = 307,
    pages = {495-517},
      doi = {10.1046/j.1365-8711.1999.02616.x},
   adsurl = {https://ui.adsabs.harvard.edu/abs/1999MNRAS.307..495H},
  adsnote = {Provided by the SAO/NASA Astrophysics Data System}
}

@ARTICLE{1998ApJ...495..297J,
   author = {{Johnston}, K.~V.},
    title = "{A Prescription for Building the Milky Way's Halo from Disrupted Satellites}",
  journal = {\apj},
   eprint = {astro-ph/9710007},
 keywords = {GALAXY: FORMATION, GALAXY: EVOLUTION, GALAXY: HALO, GALAXY: KINEMATICS AND DYNAMICS, GALAXIES: INTERACTIONS, GALAXIES: MAGELLANIC CLOUDS, Galaxies: Interactions, Galaxy: Evolution, Galaxy: Formation, Galaxy: Halo, Galaxy: Kinematics and Dynamics, Galaxies: Magellanic Clouds},
     year = 1998,
    month = mar,
   volume = 495,
    pages = {297-308},
      doi = {10.1086/305273},
   adsurl = {https://ui.adsabs.harvard.edu/abs/1998ApJ...495..297J},
  adsnote = {Provided by the SAO/NASA Astrophysics Data System}
}
@ARTICLE{2000MNRAS.311..361O,
   author = {{Olling}, R.~P. and {Merrifield}, M.~R.},
    title = "{Two measures of the shape of the dark halo of the Milky Way}",
  journal = {\mnras},
   eprint = {astro-ph/9907353},
 keywords = {ISM: GENERAL, GALAXY: FUNDAMENTAL PARAMETERS, GALAXY: KINEMATICS AND DYNAMICS, SOLAR NEIGHBOURHOOD, GALAXY: STELLAR CONTENT, GALAXY: STRUCTURE},
     year = 2000,
    month = jan,
   volume = 311,
    pages = {361-369},
      doi = {10.1046/j.1365-8711.2000.03053.x},
   adsurl = {https://ui.adsabs.harvard.edu/abs/2000MNRAS.311..361O},
  adsnote = {Provided by the SAO/NASA Astrophysics Data System}
}

@ARTICLE{2013ApJ...779..115B,
   author = {{Bovy}, J. and {Rix}, H.-W.},
    title = "{A Direct Dynamical Measurement of the Milky Way's Disk Surface Density Profile, Disk Scale Length, and Dark Matter Profile at 4 kpc $\lt$\~{} R $\lt$\~{} 9 kpc}",
  journal = {\apj},
archivePrefix = "arXiv",
   eprint = {1309.0809},
 primaryClass = "astro-ph.GA",
 keywords = {Galaxy: abundances, Galaxy: disk, Galaxy: fundamental parameters, Galaxy: kinematics and dynamics, Galaxy: structure, solar neighborhood},
     year = 2013,
    month = dec,
   volume = 779,
      eid = {115},
    pages = {115},
      doi = {10.1088/0004-637X/779/2/115},
   adsurl = {https://ui.adsabs.harvard.edu/abs/2013ApJ...779..115B},
  adsnote = {Provided by the SAO/NASA Astrophysics Data System}
}

@ARTICLE{2010JCAP...08..004C,
   author = {{Catena}, R. and {Ullio}, P.},
    title = "{A novel determination of the local dark matter density}",
  journal = {\jcap},
archivePrefix = "arXiv",
   eprint = {0907.0018},
     year = 2010,
    month = aug,
   volume = 8,
      eid = {004},
    pages = {004},
      doi = {10.1088/1475-7516/2010/08/004},
   adsurl = {https://ui.adsabs.harvard.edu/abs/2010JCAP...08..004C},
  adsnote = {Provided by the SAO/NASA Astrophysics Data System}
}

@ARTICLE{2009PASJ...61..227S,
   author = {{Sofue}, Y. and {Honma}, M. and {Omodaka}, T.},
    title = "{Unified Rotation Curve of the Galaxy -- Decomposition into de Vaucouleurs Bulge, Disk, Dark Halo, and the 9-kpc Rotation Dip --}",
  journal = {\pasj},
archivePrefix = "arXiv",
   eprint = {0811.0859},
 keywords = {Galaxy: bulge, Galaxy: disk, Galaxy: rotation curve, Galaxy: structure},
     year = 2009,
    month = feb,
   volume = 61,
    pages = {227-236},
      doi = {10.1093/pasj/61.2.227},
   adsurl = {https://ui.adsabs.harvard.edu/abs/2009PASJ...61..227S},
  adsnote = {Provided by the SAO/NASA Astrophysics Data System}
}

@ARTICLE{Iocco15,
   author = {{Iocco}, F. and {Pato}, M. and {Bertone}, G.},
    title = "{Evidence for dark matter in the inner Milky Way}",
  journal = {Nature Physics},
archivePrefix = "arXiv",
   eprint = {1502.03821},
     year = 2015,
    month = mar,
   volume = 11,
    pages = {245-248},
      doi = {10.1038/nphys3237},
   adsurl = {https://ui.adsabs.harvard.edu/abs/2015NatPh..11..245I},
  adsnote = {Provided by the SAO/NASA Astrophysics Data System}
}

@ARTICLE{Pedrosa10,
       author = {{Pedrosa}, Susana and {Tissera}, Patricia B. and {Scannapieco}, Cecilia},
        title = "{The joint evolution of baryons and dark matter haloes}",
      journal = {\mnras},
     keywords = {galaxies: haloes, galaxies: structure, dark matter, Astrophysics - Cosmology and Nongalactic Astrophysics, Astrophysics - Astrophysics of Galaxies},
         year = "2010",
        month = "Feb",
       volume = {402},
       number = {2},
        pages = {776-788},
          doi = {10.1111/j.1365-2966.2009.15951.x},
archivePrefix = {arXiv},
       eprint = {0910.4380},
 primaryClass = {astro-ph.CO},
       adsurl = {https://ui.adsabs.harvard.edu/abs/2010MNRAS.402..776P},
      adsnote = {Provided by the SAO/NASA Astrophysics Data System}
}


@ARTICLE{JingSuto02,
       author = {{Jing}, Y.~P. and {Suto}, Yasushi},
        title = "{Triaxial Modeling of Halo Density Profiles with High-Resolution N-Body Simulations}",
      journal = {\apj},
     keywords = {Cosmology: Theory, Cosmology: Dark Matter, Galaxies: Clusters: General, Galaxies: Halos, Methods: Numerical, Astrophysics},
         year = "2002",
        month = "Aug",
       volume = {574},
       number = {2},
        pages = {538-553},
          doi = {10.1086/341065},
archivePrefix = {arXiv},
       eprint = {astro-ph/0202064},
 primaryClass = {astro-ph},
       adsurl = {https://ui.adsabs.harvard.edu/abs/2002ApJ...574..538J},
      adsnote = {Provided by the SAO/NASA Astrophysics Data System}
}


@ARTICLE{Dubinski94,
       author = {{Dubinski}, John},
        title = "{The Effect of Dissipation on the Shapes of Dark Halos}",
      journal = {\apj},
     keywords = {Dark Matter, Dissipation, Elliptical Galaxies, Galactic Evolution, Galactic Halos, Galactic Mass, Galactic Structure, Luminosity, Computerized Simulation, Cosmology, Galactic Rotation, Hydrodynamics, Kinematics, Many Body Problem, Mass Distribution, Astrophysics, GALAXIES: ELLIPTICAL AND LENTICULAR, CD, GALAXIES: KINEMATICS AND DYNAMICS, GALAXIES: STRUCTURE, HYDRODYNAMICS, METHODS: NUMERICAL, Astrophysics},
         year = "1994",
        month = "Aug",
       volume = {431},
        pages = {617},
          doi = {10.1086/174512},
archivePrefix = {arXiv},
       eprint = {astro-ph/9309001},
 primaryClass = {astro-ph},
       adsurl = {https://ui.adsabs.harvard.edu/abs/1994ApJ...431..617D},
      adsnote = {Provided by the SAO/NASA Astrophysics Data System}
}


@ARTICLE{Dubinski91,
       author = {{Dubinski}, John and {Carlberg}, R.~G.},
        title = "{The Structure of Cold Dark Matter Halos}",
      journal = {\apj},
     keywords = {Computational Astrophysics, Dark Matter, Galactic Structure, Gravitational Collapse, Halos, Many Body Problem, Computerized Simulation, Particle Density (Concentration), Tides, Astrophysics, DARK MATTER, GALAXIES: STRUCTURE, NUMERICAL METHODS},
         year = "1991",
        month = "Sep",
       volume = {378},
        pages = {496},
          doi = {10.1086/170451},
       adsurl = {https://ui.adsabs.harvard.edu/abs/1991ApJ...378..496D},
      adsnote = {Provided by the SAO/NASA Astrophysics Data System}
}


@ARTICLE{2018MNRAS.478.5533F,
   author = {{Forero-Romero}, J.~E. and {Arias}, V.},
    title = "{We are not the 99 percent: quantifying asphericity in the distribution of Local Group satellites}",
  journal = {\mnras},
archivePrefix = "arXiv",
   eprint = {1805.03188},
 keywords = {dark matter, Local Group, methods: numerical},
     year = 2018,
    month = aug,
   volume = 478,
    pages = {5533-5546},
      doi = {10.1093/mnras/sty1349},
   adsurl = {https://ui.adsabs.harvard.edu/abs/2018MNRAS.478.5533F},
  adsnote = {Provided by the SAO/NASA Astrophysics Data System}
}

@ARTICLE{2009AJ....137.3378O,
   author = {{Odenkirchen}, M. and {Grebel}, E.~K. and {Kayser}, A. and {Rix}, H.-W. and 
	{Dehnen}, W.},
    title = "{Kinematics of the Tidal Debris of the Globular Cluster Palomar 5}",
  journal = {\aj},
 keywords = {globular clusters: general, globular clusters: individual: Palomar 5, stars: kinematics},
     year = 2009,
    month = feb,
   volume = 137,
    pages = {3378-3387},
      doi = {10.1088/0004-6256/137/2/3378},
   adsurl = {https://ui.adsabs.harvard.edu/abs/2009AJ....137.3378O},
  adsnote = {Provided by the SAO/NASA Astrophysics Data System}
}

@ARTICLE{2006ApJ...641L..37G,
   author = {{Grillmair}, C.~J. and {Dionatos}, O.},
    title = "{A 22{\deg} Tidal Tail for Palomar 5}",
  journal = {\apjl},
   eprint = {astro-ph/0603062},
 keywords = {Galaxy: Halo, Galaxy: Structure, Galaxy: Globular Clusters: General, Galaxy: Globular Clusters:: Individual Name: Palomar 5},
     year = 2006,
    month = apr,
   volume = 641,
    pages = {L37-L39},
      doi = {10.1086/503744},
   adsurl = {https://ui.adsabs.harvard.edu/abs/2006ApJ...641L..37G},
  adsnote = {Provided by the SAO/NASA Astrophysics Data System}
}


@ARTICLE{Pakmor17,
   author = {{Pakmor}, R. and {G{\'o}mez}, F.~A. and {Grand}, R.~J.~J. and 
	{Marinacci}, F. and {Simpson}, C.~M. and {Springel}, V. and 
	{Campbell}, D.~J.~R. and {Frenk}, C.~S. and {Guillet}, T. and 
	{Pfrommer}, C. and {White}, S.~D.~M.},
    title = "{Magnetic field formation in the Milky Way like disc galaxies of the Auriga project}",
  journal = {\mnras},
archivePrefix = "arXiv",
   eprint = {1701.07028},
 keywords = {magnetic fields, methods: numerical, Galaxy: formation, galaxies: magnetic fields},
     year = 2017,
    month = aug,
   volume = 469,
    pages = {3185-3199},
      doi = {10.1093/mnras/stx1074},
   adsurl = {https://ui.adsabs.harvard.edu/abs/2017MNRAS.469.3185P},
  adsnote = {Provided by the SAO/NASA Astrophysics Data System}
}

@ARTICLE{2018arXiv180907255C,
   author = {{Chua}, K.~E. and {Pillepich}, A. and {Vogelsberger}, M. and 
	{Hernquist}, L.},
    title = "{Shape of Dark Matter Haloes in the Illustris Simulation: Effects of Baryons}",
  journal = {ArXiv e-prints},
archivePrefix = "arXiv",
   eprint = {1809.07255},
 keywords = {Astrophysics - Astrophysics of Galaxies},
     year = 2018,
    month = sep,
   adsurl = {http://adsabs.harvard.edu/abs/2018arXiv180907255C},
  adsnote = {Provided by the SAO/NASA Astrophysics Data System}
}

@ARTICLE{VeraCiro11,
   author = {{Vera-Ciro}, C.~A. and {Sales}, L.~V. and {Helmi}, A. and {Frenk}, C.~S. and 
	{Navarro}, J.~F. and {Springel}, V. and {Vogelsberger}, M. and 
	{White}, S.~D.~M.},
    title = "{The shape of dark matter haloes in the Aquarius simulations: evolution and memory}",
  journal = {\mnras},
archivePrefix = "arXiv",
   eprint = {1104.1566},
 keywords = {galaxies: evolution, galaxies: formation, galaxies: haloes, dark matter},
     year = 2011,
    month = sep,
   volume = 416,
    pages = {1377-1391},
      doi = {10.1111/j.1365-2966.2011.19134.x},
   adsurl = {http://adsabs.harvard.edu/abs/2011MNRAS.416.1377V},
  adsnote = {Provided by the SAO/NASA Astrophysics Data System}
}


@ARTICLE{Frenk_et_al._1988,
   author = {{Frenk}, C.~S. and {White}, S.~D.~M. and {Davis}, M. and {Efstathiou}, G.
	},
    title = "{The formation of dark halos in a universe dominated by cold dark matter}",
  journal = {\apj},
 keywords = {Cosmology, Dark Matter, Galactic Evolution, Galactic Structure, Spiral Galaxies, Stellar Luminosity, Astronomical Models, Computational Astrophysics, Galactic Clusters, Morphology, Universe},
     year = 1988,
    month = apr,
   volume = 327,
    pages = {507-525},
      doi = {10.1086/166213},
   adsurl = {http://adsabs.harvard.edu/abs/1988ApJ...327..507F},
  adsnote = {Provided by the SAO/NASA Astrophysics Data System}
}


@ARTICLE{Allgood06,
   author = {{Allgood}, B. and {Flores}, R.~A. and {Primack}, J.~R. and {Kravtsov}, A.~V. and 
	{Wechsler}, R.~H. and {Faltenbacher}, A. and {Bullock}, J.~S.
	},
    title = "{The shape of dark matter haloes: dependence on mass, redshift, radius and formation}",
  journal = {\mnras},
   eprint = {astro-ph/0508497},
 keywords = {galaxies: formation, galaxies: haloes, cosmology: theory, large-scale structure of Universe},
     year = 2006,
    month = apr,
   volume = 367,
    pages = {1781-1796},
      doi = {10.1111/j.1365-2966.2006.10094.x},
   adsurl = {http://adsabs.harvard.edu/abs/2006MNRAS.367.1781A},
  adsnote = {Provided by the SAO/NASA Astrophysics Data System}
}


@ARTICLE{Hayashi_et_al._2007,
   author = {{Hayashi}, E. and {Navarro}, J.~F. and {Springel}, V.},
    title = "{The shape of the gravitational potential in cold dark matter haloes}",
  journal = {\mnras},
   eprint = {astro-ph/0612327},
 keywords = {galaxies: formation, galaxies: kinematics and dynamics, galaxies: spiral, cosmology: theory, dark matter},
     year = 2007,
    month = may,
   volume = 377,
    pages = {50-62},
      doi = {10.1111/j.1365-2966.2007.11599.x},
   adsurl = {http://adsabs.harvard.edu/abs/2007MNRAS.377...50H},
  adsnote = {Provided by the SAO/NASA Astrophysics Data System}
}
@BOOK{Binney_and_Tremaine_2008,
   author = {{Binney}, J. and {Tremaine}, S.},
    title = "{Galactic Dynamics: Second Edition}",
booktitle = {Galactic Dynamics: Second Edition, by James Binney and Scott Tremaine.~ISBN 978-0-691-13026-2 (HB).~Published by Princeton University Press, Princeton, NJ USA, 2008.},
     year = 2008,
publisher = {Princeton University Press},
   adsurl = {http://adsabs.harvard.edu/abs/2008gady.book.....B},
  adsnote = {Provided by the SAO/NASA Astrophysics Data System}
}

@article{Colberg_et_al._1999,
author = {Colberg, J. M. and White, S. D. M. and Jenkins, A. and Pearce, F. R.},
title = {Linking cluster formation to large-scale structure},
journal = {Monthly Notices of the Royal Astronomical Society},
volume = {308},
number = {3},
pages = {593-598},
year = {1999},
doi = {10.1046/j.1365-8711.1999.02400.x},
URL = {http://dx.doi.org/10.1046/j.1365-8711.1999.02400.x},
eprint = {/oup/backfile/content_public/journal/mnras/308/3/10.1046/j.1365-8711.1999.02400.x/2/308-3-593.pdf}
}

@ARTICLE{Artale19,
   author = {{Artale}, M.~C. and {Pedrosa}, S.~E. and {Tissera}, P.~B. and 
	{Cataldi}, P. and {Di Cintio}, A.},
    title = "{Dark matter response to galaxy assembly history}",
  journal = {\aap},
archivePrefix = "arXiv",
   eprint = {1901.02269},
 keywords = {galaxies: halos, Galaxy: evolution, Galaxy: formation},
     year = 2019,
    month = feb,
   volume = 622,
      eid = {A197},
    pages = {A197},
      doi = {10.1051/0004-6361/201834096},
   adsurl = {https://ui.adsabs.harvard.edu/abs/2019A%26A...622A.197A},
  adsnote = {Provided by the SAO/NASA Astrophysics Data System}
}

@ARTICLE{1997ApJ...478...13N,
   author = {{Navarro}, J.~F. and {Steinmetz}, M.},
    title = "{The Effects of a Photoionizing Ultraviolet Background on the Formation of Disk Galaxies}",
  journal = {\apj},
   eprint = {astro-ph/9605043},
 keywords = {Cosmology: Theory, Cosmology: Dark Matter, Galaxies: Formation, Galaxies: Halos, Methods: Numerical, Radiative Transfer},
     year = 1997,
    month = mar,
   volume = 478,
    pages = {13-28},
      doi = {10.1086/303763},
   adsurl = {https://ui.adsabs.harvard.edu/abs/1997ApJ...478...13N},
  adsnote = {Provided by the SAO/NASA Astrophysics Data System}
}


@ARTICLE{2004ApJ...611L..73K,
       author = {{Kazantzidis}, Stelios and {Kravtsov}, Andrey V. and
         {Zentner}, Andrew R. and {Allgood}, Brandon and {Nagai}, Daisuke and
         {Moore}, Ben},
        title = "{The Effect of Gas Cooling on the Shapes of Dark Matter Halos}",
      journal = {\apjl},
     keywords = {Cosmology: Theory, Cosmology: Dark Matter, Galaxies: Halos, Methods: Numerical, Astrophysics},
         year = "2004",
        month = "Aug",
       volume = {611},
       number = {2},
        pages = {L73-L76},
          doi = {10.1086/423992},
archivePrefix = {arXiv},
       eprint = {astro-ph/0405189},
 primaryClass = {astro-ph},
       adsurl = {https://ui.adsabs.harvard.edu/abs/2004ApJ...611L..73K},
      adsnote = {Provided by the SAO/NASA Astrophysics Data System}
}



@article{Debattista08,
  title={The causes of halo shape changes induced by cooling baryons: disks versus substructures},
  author={Debattista, Victor P and Moore, Ben and Quinn, Thomas and Kazantzidis, Stelios and Maas, Ryan and Mayer, Lucio and Read, Justin and Stadel, Joachim},
  journal={The Astrophysical Journal},
  volume={681},
  number={2},
  pages={1076},
  year={2008},
  publisher={IOP Publishing}
}

@article{Law_and_Majewski_2009,
  title={Evidence for a triaxial Milky Way dark matter halo from the Sagittarius stellar tidal stream},
  author={Law, David R and Majewski, Steven R and Johnston, Kathryn V},
  journal={The Astrophysical Journal Letters},
  volume={703},
  number={1},
  pages={L67},
  year={2009},
  publisher={IOP Publishing}
}
@ARTICLE{LM10,
   author = {{Law}, D.~R. and {Majewski}, S.~R.},
    title = "{The Sagittarius Dwarf Galaxy: A Model for Evolution in a Triaxial Milky Way Halo}",
  journal = {The Astrophysics Journal},
archivePrefix = "arXiv",
   eprint = {1003.1132},
 keywords = {dark matter, galaxies: individual: Sagittarius, Galaxy: kinematics and dynamics, Galaxy: structure},
     year = 2010,
    month = may,
   volume = 714,
    pages = {229-254},
      doi = {10.1088/0004-637X/714/1/229},
   adsurl = {http://adsabs.harvard.edu/abs/2010ApJ...714..229L},
  adsnote = {Provided by the SAO/NASA Astrophysics Data System}
}

@ARTICLE{Bovy16,
   author = {{Bovy}, J. and {Bahmanyar}, A. and {Fritz}, T.~K. and {Kallivayalil}, N.
	},
    title = "{The Shape of the Inner Milky Way Halo from Observations of the Pal 5 and GD--1 Stellar Streams}",
  journal = {\apj},
archivePrefix = "arXiv",
   eprint = {1609.01298},
 keywords = {dark matter, Galaxy: fundamental parameters, Galaxy: halo, Galaxy: kinematics and dynamics, Galaxy: structure, globular clusters: individual: Palomar 5},
     year = 2016,
    month = dec,
   volume = 833,
      eid = {31},
    pages = {31},
      doi = {10.3847/1538-4357/833/1/31},
   adsurl = {http://adsabs.harvard.edu/abs/2016ApJ...833...31B},
  adsnote = {Provided by the SAO/NASA Astrophysics Data System}
}


@ARTICLE{Olling_and_Merrifield_2000,
   author = {{Olling}, R.~P. and {Merrifield}, M.~R.},
    title = "{Two measures of the shape of the dark halo of the Milky Way}",
  journal = {\mnras},
   eprint = {astro-ph/9907353},
 keywords = {ISM: GENERAL, GALAXY: FUNDAMENTAL PARAMETERS, GALAXY: KINEMATICS AND DYNAMICS, SOLAR NEIGHBOURHOOD, GALAXY: STELLAR CONTENT, GALAXY: STRUCTURE},
     year = 2000,
    month = jan,
   volume = 311,
    pages = {361-369},
      doi = {10.1046/j.1365-8711.2000.03053.x},
   adsurl = {http://adsabs.harvard.edu/abs/2000MNRAS.311..361O},
  adsnote = {Provided by the SAO/NASA Astrophysics Data System}
}

@ARTICLE{Loebman_et_al._2012,
   author = {{Loebman}, S.~R. and {Ivezi{\'c}}, {\v Z}. and {Quinn}, T.~R. and 
	{Governato}, F. and {Brooks}, A.~M. and {Christensen}, C.~R. and 
	{Juri{\'c}}, M.},
    title = "{Constraints on the Shape of the Milky Way Dark Matter Halo from Jeans Equations Applied to Sloan Digital Sky Survey Data}",
  journal = {\apjl},
archivePrefix = "arXiv",
   eprint = {1209.2708},
 keywords = {Galaxy: general, Galaxy: halo, Galaxy: kinematics and dynamics, Galaxy: structure, stars: kinematics and dynamics, stars: statistics},
     year = 2012,
    month = oct,
   volume = 758,
      eid = {L23},
    pages = {L23},
      doi = {10.1088/2041-8205/758/1/L23},
   adsurl = {http://adsabs.harvard.edu/abs/2012ApJ...758L..23L},
  adsnote = {Provided by the SAO/NASA Astrophysics Data System}
}

@ARTICLE{Banerjee_and_Chanda_2011,
   author = {{Banerjee}, A. and {Jog}, C.~J.},
    title = "{Progressively More Prolate Dark Matter Halo in the Outer Galaxy as Traced by Flaring H I Gas}",
  journal = {\apjl},
archivePrefix = "arXiv",
   eprint = {1103.5821},
 keywords = {dark matter, galaxies: ISM, Galaxy: fundamental parameters, Galaxy: halo, Galaxy: kinematics and dynamics, Galaxy: structure},
     year = 2011,
    month = may,
   volume = 732,
      eid = {L8},
    pages = {L8},
      doi = {10.1088/2041-8205/732/1/L8},
   adsurl = {http://adsabs.harvard.edu/abs/2011ApJ...732L...8B},
  adsnote = {Provided by the SAO/NASA Astrophysics Data System}
}

@ARTICLE{Deg_and_Widrow_2013,
   author = {{Deg}, N. and {Widrow}, L.},
    title = "{The Sagittarius stream and halo triaxiality}",
  journal = {\mnras},
archivePrefix = "arXiv",
   eprint = {1209.6614},
 keywords = {Galaxy: halo, Galaxy: kinematics and dynamics, Galaxy: structure},
     year = 2013,
    month = jan,
   volume = 428,
    pages = {912-922},
      doi = {10.1093/mnras/sts089},
   adsurl = {http://adsabs.harvard.edu/abs/2013MNRAS.428..912D},
  adsnote = {Provided by the SAO/NASA Astrophysics Data System}
}

@ARTICLE{Vera-Ciro_and_Helmi_2013,
   author = {{Vera-Ciro}, C. and {Helmi}, A.},
    title = "{Constraints on the Shape of the Milky Way Dark Matter Halo from the Sagittarius Stream}",
  journal = {\apjl},
archivePrefix = "arXiv",
   eprint = {1304.4646},
 keywords = {galaxies: dwarf, galaxies: interactions, Galaxy: halo, Local Group},
     year = 2013,
    month = aug,
   volume = 773,
      eid = {L4},
    pages = {L4},
      doi = {10.1088/2041-8205/773/1/L4},
   adsurl = {http://adsabs.harvard.edu/abs/2013ApJ...773L...4V},
  adsnote = {Provided by the SAO/NASA Astrophysics Data System}
}

@ARTICLE{Bowden_et_al._2016,
   author = {{Bowden}, A. and {Evans}, N.~W. and {Williams}, A.~A.},
    title = "{Is the dark halo of the Milky Way prolate?}",
  journal = {\mnras},
archivePrefix = "arXiv",
   eprint = {1604.06885},
 keywords = {Galaxy: halo, Galaxy: kinematics and dynamics, Galaxy: structure},
     year = 2016,
    month = jul,
   volume = 460,
    pages = {329-337},
      doi = {10.1093/mnras/stw994},
   adsurl = {http://adsabs.harvard.edu/abs/2016MNRAS.460..329B},
  adsnote = {Provided by the SAO/NASA Astrophysics Data System}
}

@ARTICLE{Pearson_et_al._2015,
   author = {{Pearson}, S. and {K{\"u}pper}, A.~H.~W. and {Johnston}, K.~V. and 
	{Price-Whelan}, A.~M.},
    title = "{Tidal Stream Morphology as an Indicator of Dark Matter Halo Geometry: The Case of Palomar 5}",
  journal = {\apj},
archivePrefix = "arXiv",
   eprint = {1410.3477},
 keywords = {dark matter, Galaxy: halo, Galaxy: structure, globular clusters: individual: Palomar 5, methods: numerical},
     year = 2015,
    month = jan,
   volume = 799,
      eid = {28},
    pages = {28},
      doi = {10.1088/0004-637X/799/1/28},
   adsurl = {http://adsabs.harvard.edu/abs/2015ApJ...799...28P},
  adsnote = {Provided by the SAO/NASA Astrophysics Data System}
}

@ARTICLE{Ibata_et_al._2013,
   author = {{Ibata}, R. and {Lewis}, G.~F. and {Martin}, N.~F. and {Bellazzini}, M. and 
	{Correnti}, M.},
    title = "{Does the Sagittarius Stream Constrain the Milky Way Halo to be Triaxial?}",
  journal = {\apjl},
archivePrefix = "arXiv",
   eprint = {1212.4958},
 keywords = {dark matter, galaxies: dwarf, Galaxy: halo },
     year = 2013,
    month = mar,
   volume = 765,
      eid = {L15},
    pages = {L15},
      doi = {10.1088/2041-8205/765/1/L15},
   adsurl = {http://adsabs.harvard.edu/abs/2013ApJ...765L..15I},
  adsnote = {Provided by the SAO/NASA Astrophysics Data System}
}

@ARTICLE{Yurin_and_Springel_2015,
   author = {{Yurin}, D. and {Springel}, V.},
    title = "{The stability of stellar discs in Milky Way-sized dark matter haloes}",
  journal = {\mnras},
archivePrefix = "arXiv",
   eprint = {1411.3729},
 keywords = {methods: numerical, galaxies: formation, galaxies: kinematics and dynamics, cosmology: theory, dark matter},
     year = 2015,
    month = sep,
   volume = 452,
    pages = {2367-2387},
      doi = {10.1093/mnras/stv1454},
   adsurl = {http://adsabs.harvard.edu/abs/2015MNRAS.452.2367Y},
  adsnote = {Provided by the SAO/NASA Astrophysics Data System}
}


@ARTICLE{Scannapieco_et_al._2009,
   author = {{Scannapieco}, C. and {White}, S.~D.~M. and {Springel}, V. and 
	{Tissera}, P.~B.},
    title = "{The formation and survival of discs in a {$\Lambda$}CDM universe}",
  journal = {\mnras},
archivePrefix = "arXiv",
   eprint = {0812.0976},
 keywords = {methods: numerical , galaxies: formation , cosmology: theory},
     year = 2009,
    month = jun,
   volume = 396,
    pages = {696-708},
      doi = {10.1111/j.1365-2966.2009.14764.x},
   adsurl = {http://adsabs.harvard.edu/abs/2009MNRAS.396..696S},
  adsnote = {Provided by the SAO/NASA Astrophysics Data System}
}


@ARTICLE{Debattista13,
   author = {{Debattista}, V.~P. and {Ro{\v s}kar}, R. and {Valluri}, M. and 
	{Quinn}, T. and {Moore}, B. and {Wadsley}, J.},
    title = "{What's up in the Milky Way? The orientation of the disc relative to the triaxial halo}",
  journal = {\mnras},
archivePrefix = "arXiv",
   eprint = {1301.2670},
 keywords = {Galaxy: evolution, Galaxy: formation, Galaxy: halo, Galaxy: kinematics and dynamics, Galaxy: structure, galaxies: haloes},
     year = 2013,
    month = oct,
   volume = 434,
    pages = {2971-2981},
      doi = {10.1093/mnras/stt1217},
   adsurl = {http://adsabs.harvard.edu/abs/2013MNRAS.434.2971D},
  adsnote = {Provided by the SAO/NASA Astrophysics Data System}
}



@ARTICLE{Kazantzidis10,
   author = {{Kazantzidis}, S. and {Abadi}, M.~G. and {Navarro}, J.~F.},
    title = "{The Sphericalization of Dark Matter Halos by Galaxy Disks}",
  journal = {\apjl},
archivePrefix = "arXiv",
   eprint = {1006.0537},
 keywords = {cosmology: theory, dark matter, galaxies: evolution, galaxies: halos, galaxies: structure, methods: numerical},
     year = 2010,
    month = sep,
   volume = 720,
    pages = {L62-L66},
      doi = {10.1088/2041-8205/720/1/L62},
   adsurl = {http://adsabs.harvard.edu/abs/2010ApJ...720L..62K},
  adsnote = {Provided by the SAO/NASA Astrophysics Data System}
}


@ARTICLE{Bryan13,
   author = {{Bryan}, S.~E. and {Kay}, S.~T. and {Duffy}, A.~R. and {Schaye}, J. and 
	{Dalla Vecchia}, C. and {Booth}, C.~M.},
    title = "{The impact of baryons on the spins and shapes of dark matter haloes}",
  journal = {\mnras},
archivePrefix = "arXiv",
   eprint = {1207.4555},
 keywords = {methods: numerical, galaxies: clusters: general, galaxies: evolution, galaxies: haloes, cosmology: theory},
     year = 2013,
    month = mar,
   volume = 429,
    pages = {3316-3329},
      doi = {10.1093/mnras/sts587},
   adsurl = {http://adsabs.harvard.edu/abs/2013MNRAS.429.3316B},
  adsnote = {Provided by the SAO/NASA Astrophysics Data System}
}


@ARTICLE{Abadi10,
   author = {{Abadi}, M.~G. and {Navarro}, J.~F. and {Fardal}, M. and {Babul}, A. and 
	{Steinmetz}, M.},
    title = "{Galaxy-induced transformation of dark matter haloes}",
  journal = {\mnras},
archivePrefix = "arXiv",
   eprint = {0902.2477},
 keywords = {Galaxy: disc, Galaxy: formation, Galaxy: kinematics and dynamics, Galaxy: structure},
     year = 2010,
    month = sep,
   volume = 407,
    pages = {435-446},
      doi = {10.1111/j.1365-2966.2010.16912.x},
   adsurl = {http://adsabs.harvard.edu/abs/2010MNRAS.407..435A},
  adsnote = {Provided by the SAO/NASA Astrophysics Data System}
}

@ARTICLE{Eagle,
   author = {{Schaye}, J. and {Crain}, R.~A. and {Bower}, R.~G. and {Furlong}, M. and 
	{Schaller}, M. and {Theuns}, T. and {Dalla Vecchia}, C. and 
	{Frenk}, C.~S. and {McCarthy}, I.~G. and {Helly}, J.~C. and 
	{Jenkins}, A. and {Rosas-Guevara}, Y.~M. and {White}, S.~D.~M. and 
	{Baes}, M. and {Booth}, C.~M. and {Camps}, P. and {Navarro}, J.~F. and 
	{Qu}, Y. and {Rahmati}, A. and {Sawala}, T. and {Thomas}, P.~A. and 
	{Trayford}, J.},
    title = "{The EAGLE project: simulating the evolution and assembly of galaxies and their environments}",
  journal = {Monthly Notices of the Royal Astronomical Society},
archivePrefix = "arXiv",
   eprint = {1407.7040},
 keywords = {methods: numerical, galaxies: evolution, galaxies: formation, cosmology: theory},
     year = 2015,
    month = jan,
   volume = 446,
    pages = {521-554},
      doi = {10.1093/mnras/stu2058},
   adsurl = {http://adsabs.harvard.edu/abs/2015MNRAS.446..521S},
  adsnote = {Provided by the SAO/NASA Astrophysics Data System}
}

@ARTICLE{aquarius,
   author = {{Springel}, V. and {Wang}, J. and {Vogelsberger}, M. and {Ludlow}, A. and 
	{Jenkins}, A. and {Helmi}, A. and {Navarro}, J.~F. and {Frenk}, C.~S. and 
	{White}, S.~D.~M.},
    title = "{The Aquarius Project: the subhaloes of galactic haloes}",
  journal = {Monthly Notices of the Royal Astronomical Society},
archivePrefix = "arXiv",
   eprint = {0809.0898},
 keywords = {methods: numerical , dark matter},
     year = 2008,
    month = dec,
   volume = 391,
    pages = {1685-1711},
      doi = {10.1111/j.1365-2966.2008.14066.x},
   adsurl = {http://adsabs.harvard.edu/abs/2008MNRAS.391.1685S},
  adsnote = {Provided by the SAO/NASA Astrophysics Data System}
}

@ARTICLE{auriga,
   author = {{Grand}, R.~J.~J. and {G{o}mez}, F.~A. and {Marinacci}, F. and 
	{Pakmor}, R. and {Springel}, V. and {Campbell}, D.~J.~R. and 
	{Frenk}, C.~S. and {Jenkins}, A. and {White}, S.~D.~M.},
    title = "{The Auriga Project: the properties and formation mechanisms of disc galaxies across cosmic time}",
  journal = {Monthly Notices of the Royal Astronomical Society},
archivePrefix = "arXiv",
   eprint = {1610.01159},
 keywords = {galaxies: evolution, galaxies: kinematics and dynamics, galaxies: spiral, galaxies: structure},
     year = 2017,
    month = may,
   volume = 467,
    pages = {179-207},
      doi = {10.1093/mnras/stx071},
   adsurl = {http://adsabs.harvard.edu/abs/2017MNRAS.467..179G},
  adsnote = {Provided by the SAO/NASA Astrophysics Data System}
}
@ARTICLE{arepo,
   author = {{Springel}, V.},
    title = "{E pur si muove: Galilean-invariant cosmological hydrodynamical simulations on a moving mesh}",
  journal = {Monthly Notices of the Royal Astronomical Society},
archivePrefix = "arXiv",
   eprint = {0901.4107},
 keywords = {methods: numerical, galaxies: interactions, cosmology: dark matter},
     year = 2010,
    month = jan,
   volume = 401,
    pages = {791-851},
      doi = {10.1111/j.1365-2966.2009.15715.x},
   adsurl = {http://adsabs.harvard.edu/abs/2010MNRAS.401..791S},
  adsnote = {Provided by the SAO/NASA Astrophysics Data System}
}

@ARTICLE{Davis_et_al._1985,
   author = {{Davis}, M. and {Efstathiou}, G. and {Frenk}, C.~S. and {White}, S.~D.~M.
	},
    title = {The evolution of large-scale structure in a universe dominated by cold dark matter},
  journal = {The Astrophysics Journal},
 keywords = {Computational Astrophysics, Cosmology, Galactic Clusters, Galactic Evolution, Missing Mass (Astrophysics), Weak Interactions (Field Theory), Astronomical Models, Computerized Simulation, Correlation, Many Body Problem, Mass Distribution, Mass To Light Ratios, Matter (Physics), Radial Velocity, Red Shift},
     year = 1985,
    month = may,
   volume = 292,
    pages = {371-394},
      doi = {10.1086/163168},
   adsurl = {http://adsabs.harvard.edu/abs/1985ApJ...292..371D},
  adsnote = {Provided by the SAO/NASA Astrophysics Data System}
}

@article{Planck_Collaboration_2014,
  title={Planck 2013 results. XVI. Cosmological parameters},
  author={Ade, Peter AR and Aghanim, N and Armitage-Caplan, C and Arnaud, M and Ashdown, M and Atrio-Barandela, F and Aumont, J and Baccigalupi, C and Banday, Anthony J and Barreiro, RB and others},
  journal={Astronomy and Astrophysics},
  volume={571},
  pages={A16},
  year={2014},
  publisher={EDP Sciences}
}

@ARTICLE{Johnston_et_al._2005,
   author = {{Johnston}, K.~V. and {Law}, D.~R. and {Majewski}, S.~R.},
    title = "{A Two Micron All Sky Survey View of the Sagittarius Dwarf Galaxy. III. Constraints on the Flattening of the Galactic Halo}",
  journal = {\apj},
   eprint = {astro-ph/0407565},
 keywords = {Galaxies: Individual: Name: Sagittarius, Galaxies: Stellar Content, Galaxy: Halo, Galaxy: Kinematics and Dynamics, Galaxy: Structure, Galaxies: Local Group},
     year = 2005,
    month = feb,
   volume = 619,
    pages = {800-806},
      doi = {10.1086/426777},
   adsurl = {http://adsabs.harvard.edu/abs/2005ApJ...619..800J},
  adsnote = {Provided by the SAO/NASA Astrophysics Data System}
}

@ARTICLE{Butsky16,
   author = {{Butsky}, I. and {Macci{\`o}}, A.~V. and {Dutton}, A.~A. and 
	{Wang}, L. and {Obreja}, A. and {Stinson}, G.~S. and {Penzo}, C. and 
	{Kang}, X. and {Keller}, B.~W. and {Wadsley}, J.},
    title = "{NIHAO project II: halo shape, phase-space density and velocity distribution of dark matter in galaxy formation simulations}",
  journal = {\mnras},
archivePrefix = "arXiv",
   eprint = {1503.04814},
 keywords = {Galaxy: disc, Galaxy: evolution, Galaxy: structure, galaxies: evolution, galaxies: interactions, galaxies: structure, methods: numerical},
     year = 2016,
    month = oct,
   volume = 462,
    pages = {663-680},
      doi = {10.1093/mnras/stw1688},
   adsurl = {https://ui.adsabs.harvard.edu/abs/2016MNRAS.462..663B},
  adsnote = {Provided by the SAO/NASA Astrophysics Data System}
}

@ARTICLE{Chua19,
   author = {{Chua}, K.~T.~E. and {Pillepich}, A. and {Vogelsberger}, M. and 
	{Hernquist}, L.},
    title = "{Shape of dark matter haloes in the Illustris simulation: effects of baryons}",
  journal = {\mnras},
archivePrefix = "arXiv",
   eprint = {1809.07255},
 keywords = {methods: numerical, methods: statistical, galaxies: haloes, galaxies: formation, dark matter},
     year = 2019,
    month = mar,
   volume = 484,
    pages = {476-493},
      doi = {10.1093/mnras/sty3531},
   adsurl = {https://ui.adsabs.harvard.edu/abs/2019MNRAS.484..476C},
  adsnote = {Provided by the SAO/NASA Astrophysics Data System}
}








